@article{PerezCueva2006,
abstract = {En este trabajo se analizan las relaciones entre clima urbano, confort ambiental y planificaci{\'{o}}n urbana desde el punto de vista de la evoluci{\'{o}}n de los conceptos e ideas fundamentales, de las apor- taciones metodol{\'{o}}gicas b{\'{a}}sicas realizadas y de las aplicaciones y revisiones de los {\'{u}}ltimos a{\~{n}}os, en particular en el campo de los {\'{i}}ndices de confort. Se traza, con ello, un estado de la cuesti{\'{o}}n y se des- tacan las aportaciones recientes m{\'{a}}s destacadas.},
author = {{P{\'{e}}rez Cueva}, Alejandro and {G{\'{o}}mez Lopera}, Francisco and Tornero, Jos{\'{e}}},
file = {:home/benizar/Documentos/Mendeley Desktop/2006 - P{\'{e}}rez Cueva, G{\'{o}}mez Lopera, Tornero - Ciudad y confort ambiental estado de la cuesti{\'{o}}n y aportaciones recientes.pdf:pdf},
issn = {0210-086X},
journal = {Cuadernos de geograf{\'{i}}a},
keywords = {Geociencias. Medio ambiente,Geograf{\'{i}}a,Grupo B,UNESCO::HISTORIA,info:eu-repo/semantics/article,info:eu-repo/semantics/publishedVersion},
number = {80},
pages = {147--182},
title = {{Ciudad y confort ambiental: estado de la cuesti{\'{o}}n y aportaciones recientes}},
year = {2006}
}
@techreport{FernandezGarcia2016,
address = {Madrid},
author = {{Fern{\'{a}}ndez Garc{\'{i}}a}, Felipe and {Allende {\'{A}}lvarez}, Fernando and {Rasilia {\'{A}}lvarez}, Domingo and Martilli, Alberto and {Alcaide Mu{\~{n}}oz}, Jorge},
file = {:home/benizar/Documentos/Mendeley Desktop/2016 - Fern{\'{a}}ndez Garc{\'{i}}a et al. - Estudio de Detalle del Clima Urbano de Madrid.pdf:pdf},
institution = {Ayuntamiento de Madrid},
pages = {209},
title = {{Estudio de Detalle del Clima Urbano de Madrid}},
url = {https://www.madrid.es/UnidadesDescentralizadas/Sostenibilidad/EspeInf/EnergiayCC/04CambioClimatico/4cEstuClimaUrb/Ficheros/EstuClimaUrbaMadWeb2016.pdf},
year = {2016}
}
@incollection{FernandezGarcia2016a,
author = {{Fern{\'{a}}ndez Garc{\'{i}}a}, Felipe},
booktitle = {Libro Jubilar en Homenaje al Profesor Antonio Gil Olcina. Edici{\'{o}}n ampliada},
doi = {10.14198/LibroHomenajeAntonioGilOlcina2016-10},
file = {:home/benizar/Documentos/Mendeley Desktop/2016 - Fern{\'{a}}ndez Garc{\'{i}}a - La climatolog{\'{i}}a urbana en Espa{\~{n}}a en los {\'{u}}ltimos 30 a{\~{n}}os.pdf:pdf},
pages = {125--143},
publisher = {Servicio de Publicaciones de la Universidad de Alicante},
title = {{La climatolog{\'{i}}a urbana en Espa{\~{n}}a en los {\'{u}}ltimos 30 a{\~{n}}os}},
url = {http://hdl.handle.net/10045/54734},
year = {2016}
}
@article{PerezGonzalez2003,
abstract = {Este trabajo analiza la isla t{\'{e}}rmica urbana de ciudades del centro de Espa{\~{n}}a (Madrid, Segovia, {\'{A}}vila, Guadalajara y Toledo), con caracter{\'{i}}sticas f{\'{i}}sicas y humanas muy dispares. El contraste t{\'{e}}rmico campo-ciudad se analiza a partir de la informaci{\'{o}}n aportada por los sat{\'{e}}lites NOAA y Landsat y por las estaciones meteorol{\'{o}}gicas. Las temperaturas diurnas resultan con frecuencia m{\'{a}}s bajas en el interior de las ciudades que en las {\'{a}}reas no urbanizadas de su entorno. Esta anomal{\'{i}}a t{\'{e}}rmica urbana diurna parece responder al distinto ritmo de caldeamiento-enfriamiento de los materiales, de modo que la «isla de calor urbana » s{\'{o}}lo se manifiesta por la noche, mientras que durante el d{\'{i}}a las ciudades estudiadas muestran una «isla de fr{\'{i}}o» respecto a su entorno. As{\'{i}}, las ciudades estar{\'{i}}an funcionando como acumuladores t{\'{e}}rmicos durante el d{\'{i}}a, y liberando la energ{\'{i}}a almacenada en todo el entramado urbano por la noche.},
author = {{P{\'{e}}rez Gonz{\'{a}}lez}, Ma. E. and {Garc{\'{i}}a Rodr{\'{i}}guez}, Ma. P and {Guerra Zeballos}, A.},
file = {:home/benizar/Documentos/Mendeley Desktop/2003 - P{\'{e}}rez Gonz{\'{a}}lez, Garc{\'{i}}a Rodr{\'{i}}guez, Guerra Zeballos - An{\'{a}}lisis del clima urbano a partir de im{\'{a}}genes de sat{\'{e}}lite en el cent.PDF:PDF},
journal = {Anales de Geogra{\'{i}}a de la Universidad Complutense},
keywords = {ETM+,Espa{\~{n}}a,Isla de calor,Isla de fr{\'{i}}o,Teledetecci{\'{o}}n,Temperaturas},
pages = {187--206},
title = {{An{\'{a}}lisis del clima urbano a partir de im{\'{a}}genes de sat{\'{e}}lite en el centro peninsular espa{\~{n}}ol}},
volume = {23},
year = {2003}
}
